@article{Adam:2015ptt,
      author         = "Adam, Jaroslav and others",
      title          = "{Centrality dependence of the charged-particle
                        multiplicity density at midrapidity in Pb-Pb collisions at
                        $\sqrt{s_{\rm NN}}$ = 5.02 TeV}",
      collaboration  = "ALICE",
      journal        = "Phys. Rev. Lett.",
      volume         = "116",
      year           = "2016",
      number         = "22",
      pages          = "222302",
      doi            = "10.1103/PhysRevLett.116.222302",
      eprint         = "1512.06104",
      archivePrefix  = "arXiv",
      primaryClass   = "nucl-ex",
      reportNumber   = "CERN-PH-EP-2015-324, ALICE-PUBLIC-2015-008",
      SLACcitation   = "%%CITATION = ARXIV:1512.06104;%%"
}



@article{Borsanyi:2010cj,
      author         = "Borsanyi, Szabolcs and Endrodi, Gergely and Fodor, Zoltan
                        and Jakovac, Antal and Katz, Sandor D. and Krieg, Stefan
                        and Ratti, Claudia and Szabo, Kalman K.",
      title          = "{The QCD equation of state with dynamical quarks}",
      journal        = "JHEP",
      volume         = "11",
      year           = "2010",
      pages          = "077",
      doi            = "10.1007/JHEP11(2010)077",
      eprint         = "1007.2580",
      archivePrefix  = "arXiv",
      primaryClass   = "hep-lat",
      reportNumber   = "WUB-10-12",
      SLACcitation   = "%%CITATION = ARXIV:1007.2580;%%"
}

@article{Bhattacharya:2014ara,
      author         = "Bhattacharya, Tanmoy and others",
      title          = "{QCD Phase Transition with Chiral Quarks and Physical
                        Quark Masses}",
      journal        = "Phys. Rev. Lett.",
      volume         = "113",
      year           = "2014",
      number         = "8",
      pages          = "082001",
      doi            = "10.1103/PhysRevLett.113.082001",
      eprint         = "1402.5175",
      archivePrefix  = "arXiv",
      primaryClass   = "hep-lat",
      reportNumber   = "BNL-103837-2014-JA, CU-TP-1205, INT-PUB-14-003,
                        LLNL-JRNL-650194",
      SLACcitation   = "%%CITATION = ARXIV:1402.5175;%%"
}

@article{Shuryak:1984nq,
      author         = "Shuryak, Edward V.",
      title          = "{Theory and phenomenology of the QCD vacuum}",
      journal        = "Phys. Rep.",
      volume         = "115",
      year           = "1984",
      pages          = "151",
      doi            = "10.1016/0370-1573(84)90037-1",
      reportNumber   = "IYF-83-157, IYF-83-158, IYF-83-159, IYF-83-164,
                        IYF-83-167, IYF-84-20, IYF-84-23, IYF-84-34",
      SLACcitation   = "%%CITATION = PRPLC,115,151;%%"
}

@article{Cleymans:1985wb,
      author         = "Cleymans, J. and Gavai, R. V. and Suhonen, E.",
      title          = "{Quarks and Gluons at High Temperatures and Densities}",
      journal        = "Phys. Rep.",
      volume         = "130",
      year           = "1986",
      pages          = "217",
      doi            = "10.1016/0370-1573(86)90169-9",
      reportNumber   = "BI-TP-85-05",
      SLACcitation   = "%%CITATION = PRPLC,130,217;%%"
}

@article{Bass:1998vz,
      author         = "Bass, S. A. and Gyulassy, M. and Stoecker, Horst and
                        Greiner, W.",
      title          = "{Signatures of quark gluon plasma formation in
                        high-energy heavy ion collisions: A Critical review}",
      journal        = "J. Phys.",
      volume         = "G25",
      year           = "1999",
      pages          = "R1-R57",
      doi            = "10.1088/0954-3899/25/3/013",
      eprint         = "hep-ph/9810281",
      archivePrefix  = "arXiv",
      primaryClass   = "hep-ph",
      reportNumber   = "DOE-ER-40561-11",
      SLACcitation   = "%%CITATION = HEP-PH/9810281;%%"
}

@article{Voloshin:1994mz,
      author         = "Voloshin, S. and Zhang, Y.",
      title          = "{Flow study in relativistic nuclear collisions by Fourier
                        expansion of Azimuthal particle distributions}",
      journal        = "Z. Phys.",
      volume         = "C70",
      year           = "1996",
      pages          = "665-672",
      doi            = "10.1007/s002880050141",
      eprint         = "hep-ph/9407282",
      archivePrefix  = "arXiv",
      primaryClass   = "hep-ph",
      SLACcitation   = "%%CITATION = HEP-PH/9407282;%%"
}

@article{Poskanzer:1998yz,
      author         = "Poskanzer, Arthur M. and Voloshin, S. A.",
      title          = "{Methods for analyzing anisotropic flow in relativistic
                        nuclear collisions}",
      journal        = "Phys. Rev.",
      volume         = "C58",
      year           = "1998",
      pages          = "1671-1678",
      doi            = "10.1103/PhysRevC.58.1671",
      eprint         = "nucl-ex/9805001",
      archivePrefix  = "arXiv",
      primaryClass   = "nucl-ex",
      SLACcitation   = "%%CITATION = NUCL-EX/9805001;%%"
}

@article{Manly:2005zy,
      author         = "Manly, S. and others",
      title          = "{System size, energy and pseudorapidity dependence of
                        directed and elliptic flow at RHIC}",
      booktitle      = "{Proceedings, 18th International Conference on
                        Ultra-Relativistic Nucleus-Nucleus Collisions (Quark
                        Matter 2005)}",
      collaboration  = "PHOBOS",
      journal        = "Nucl. Phys.",
      volume         = "A774",
      year           = "2006",
      pages          = "523-526",
      doi            = "10.1016/j.nuclphysa.2006.06.079",
      eprint         = "nucl-ex/0510031",
      archivePrefix  = "arXiv",
      primaryClass   = "nucl-ex",
      SLACcitation   = "%%CITATION = NUCL-EX/0510031;%%"
}

@article{Bhalerao:2006tp,
      author         = "Bhalerao, Rajeev S. and Ollitrault, Jean-Yves",
      title          = "{Eccentricity fluctuations and elliptic flow at RHIC}",
      journal        = "Phys. Lett.",
      volume         = "B641",
      year           = "2006",
      pages          = "260-264",
      doi            = "10.1016/j.physletb.2006.08.055",
      eprint         = "nucl-th/0607009",
      archivePrefix  = "arXiv",
      primaryClass   = "nucl-th",
      reportNumber   = "SPHT-T06-077:-TIFR-TH-06-20, SPHT-T06-077, TIFR-TH-06-20",
      SLACcitation   = "%%CITATION = NUCL-TH/0607009;%%"
}

@article{Alver:2008zza,
      author         = "Alver, B. and others",
      title          = "{Importance of correlations and fluctuations on the
                        initial source eccentricity in high-energy nucleus-nucleus
                        collisions}",
      journal        = "Phys. Rev.",
      volume         = "C77",
      year           = "2008",
      pages          = "014906",
      doi            = "10.1103/PhysRevC.77.014906",
      eprint         = "0711.3724",
      archivePrefix  = "arXiv",
      primaryClass   = "nucl-ex",
      SLACcitation   = "%%CITATION = ARXIV:0711.3724;%%"
}

@article{Alver:2010dn,
      author         = "Alver, Burak Han and Gombeaud, Clement and Luzum, Matthew
                        and Ollitrault, Jean-Yves",
      title          = "{Triangular flow in hydrodynamics and transport theory}",
      journal        = "Phys. Rev.",
      volume         = "C82",
      year           = "2010",
      pages          = "034913",
      doi            = "10.1103/PhysRevC.82.034913",
      eprint         = "1007.5469",
      archivePrefix  = "arXiv",
      primaryClass   = "nucl-th",
      SLACcitation   = "%%CITATION = ARXIV:1007.5469;%%"
}

@article{Kovtun:2004de,
      author         = "Kovtun, P. and Son, Dan T. and Starinets, Andrei O.",
      title          = "{Viscosity in strongly interacting quantum field theories
                        from black hole physics}",
      journal        = "Phys. Rev. Lett.",
      volume         = "94",
      year           = "2005",
      pages          = "111601",
      doi            = "10.1103/PhysRevLett.94.111601",
      eprint         = "hep-th/0405231",
      archivePrefix  = "arXiv",
      primaryClass   = "hep-th",
      reportNumber   = "INT-PUB-04-09, UW-PT-04-04",
      SLACcitation   = "%%CITATION = HEP-TH/0405231;%%"
}

@article{Teaney:2010vd,
      author         = "Teaney, Derek and Yan, Li",
      title          = "{Triangularity and Dipole Asymmetry in Heavy Ion
                        Collisions}",
      journal        = "Phys. Rev.",
      volume         = "C83",
      year           = "2011",
      pages          = "064904",
      doi            = "10.1103/PhysRevC.83.064904",
      eprint         = "1010.1876",
      archivePrefix  = "arXiv",
      primaryClass   = "nucl-th",
      SLACcitation   = "%%CITATION = ARXIV:1010.1876;%%"
}

@article{Qin:2010pf,
      author         = "Qin, Guang-You and Petersen, Hannah and Bass, Steffen A.
                        and Muller, Berndt",
      title          = "{Translation of collision geometry fluctuations into
                        momentum anisotropies in relativistic heavy-ion
                        collisions}",
      journal        = "Phys. Rev.",
      volume         = "C82",
      year           = "2010",
      pages          = "064903",
      doi            = "10.1103/PhysRevC.82.064903",
      eprint         = "1009.1847",
      archivePrefix  = "arXiv",
      primaryClass   = "nucl-th",
      SLACcitation   = "%%CITATION = ARXIV:1009.1847;%%"
}

@article{ALICE:2011ab,
      author         = "Aamodt, K. and others",
      title          = "{Higher harmonic anisotropic flow measurements of charged
                        particles in Pb--Pb collisions at $\sqrt{s_{\rm NN}}$=2.76
                        TeV}",
      collaboration  = "ALICE",
      journal        = "Phys. Rev. Lett.",
      volume         = "107",
      year           = "2011",
      pages          = "032301",
      doi            = "10.1103/PhysRevLett.107.032301",
      eprint         = "1105.3865",
      archivePrefix  = "arXiv",
      primaryClass   = "nucl-ex",
      reportNumber   = "CERN-PH-EP-2011-073",
      SLACcitation   = "%%CITATION = ARXIV:1105.3865;%%"
}

@article{ATLAS:2012at,
      author         = "Aad, Georges and others",
      title          = "{Measurement of the azimuthal anisotropy for charged
                        particle production in $\sqrt{s_{\rm NN}}=2.76$ TeV lead-lead
                        collisions with the ATLAS detector}",
      collaboration  = "ATLAS",
      journal        = "Phys. Rev.",
      volume         = "C86",
      year           = "2012",
      pages          = "014907",
      doi            = "10.1103/PhysRevC.86.014907",
      eprint         = "1203.3087",
      archivePrefix  = "arXiv",
      primaryClass   = "hep-ex",
      reportNumber   = "CERN-PH-EP-2012-035",
      SLACcitation   = "%%CITATION = ARXIV:1203.3087;%%"
}

@article{Chatrchyan:2013kba,
      author         = "Chatrchyan, Serguei and others",
      title          = "{Measurement of higher-order harmonic azimuthal
                        anisotropy in Pb--Pb collisions at $\sqrt{s_{\rm NN}}$ = 2.76
                        TeV}",
      collaboration  = "CMS",
      journal        = "Phys. Rev.",
      volume         = "C89",
      year           = "2014",
      number         = "4",
      pages          = "044906",
      doi            = "10.1103/PhysRevC.89.044906",
      eprint         = "1310.8651",
      archivePrefix  = "arXiv",
      primaryClass   = "nucl-ex",
      reportNumber   = "CMS-HIN-11-005, CERN-PH-EP-2013-196",
      SLACcitation   = "%%CITATION = ARXIV:1310.8651;%%"
}

@article{Adams:2003am,
      author         = "Adams, John and others",
      title          = "{Particle type dependence of azimuthal anisotropy and
                        nuclear modification of particle production in Au + Au
                        collisions at $\sqrt{s_{\rm NN}} = $200~GeV}",
      collaboration  = "STAR",
      journal        = "Phys. Rev. Lett.",
      volume         = "92",
      year           = "2004",
      pages          = "052302",
      doi            = "10.1103/PhysRevLett.92.052302",
      eprint         = "nucl-ex/0306007",
      archivePrefix  = "arXiv",
      primaryClass   = "nucl-ex",
      SLACcitation   = "%%CITATION = NUCL-EX/0306007;%%"
}

@article{Abelev:2007qg,
      author         = "Abelev, B. I. and others",
      title          = "{Mass, quark-number, and $\sqrt{s_{\rm NN}}$ dependence of
                        the second and fourth flow harmonics in ultra-relativistic
                        nucleus-nucleus collisions}",
      collaboration  = "STAR",
      journal        = "Phys. Rev.",
      volume         = "C75",
      year           = "2007",
      pages          = "054906",
      doi            = "10.1103/PhysRevC.75.054906",
      eprint         = "nucl-ex/0701010",
      archivePrefix  = "arXiv",
      primaryClass   = "nucl-ex",
      SLACcitation   = "%%CITATION = NUCL-EX/0701010;%%"
}

@article{Adler:2003kt,
      author         = "Adler, S. S. and others",
      title          = "{Elliptic flow of identified hadrons in Au+Au collisions
                        at $\sqrt{s_{\rm NN}} = $200~GeV}",
      collaboration  = "PHENIX",
      journal        = "Phys. Rev. Lett.",
      volume         = "91",
      year           = "2003",
      pages          = "182301",
      doi            = "10.1103/PhysRevLett.91.182301",
      eprint         = "nucl-ex/0305013",
      archivePrefix  = "arXiv",
      primaryClass   = "nucl-ex",
      SLACcitation   = "%%CITATION = NUCL-EX/0305013;%%"
}

@article{Adare:2006ti,
      author         = "Adare, A. and others",
      title          = "{Scaling properties of azimuthal anisotropy in Au+Au and
                        Cu+Cu collisions at $\sqrt{s_{\rm NN}} = 200$ GeV}",
      collaboration  = "PHENIX",
      journal        = "Phys. Rev. Lett.",
      volume         = "98",
      year           = "2007",
      pages          = "162301",
      doi            = "10.1103/PhysRevLett.98.162301",
      eprint         = "nucl-ex/0608033",
      archivePrefix  = "arXiv",
      primaryClass   = "nucl-ex",
      SLACcitation   = "%%CITATION = NUCL-EX/0608033;%%"
}

@article{Abelev:2014pua,
      author         = "Abelev, Betty Bezverkhny and others",
      title          = "{Elliptic flow of identified hadrons in Pb--Pb collisions
                        at $ \sqrt{s_{\mathrm NN}}=2.76 $ TeV}",
      collaboration  = "ALICE",
      journal        = "JHEP",
      volume         = "06",
      year           = "2015",
      pages          = "190",
      doi            = "10.1007/JHEP06(2015)190",
      eprint         = "1405.4632",
      archivePrefix  = "arXiv",
      primaryClass   = "nucl-ex",
      reportNumber   = "CERN-PH-EP-2014-104",
      SLACcitation   = "%%CITATION = ARXIV:1405.4632;%%"
}

@article{Voloshin:1996nv,
      author         = "Voloshin, Sergei A.",
      title          = "{Transverse radial expansion and directed flow}",
      journal        = "Phys. Rev.",
      volume         = "C55",
      year           = "1997",
      pages          = "1630-1632",
      doi            = "10.1103/PhysRevC.55.R1630",
      eprint         = "nucl-th/9611038",
      archivePrefix  = "arXiv",
      primaryClass   = "nucl-th",
      SLACcitation   = "%%CITATION = NUCL-TH/9611038;%%"
}

@article{Huovinen:2001cy,
      author         = "Huovinen, P. and Kolb, P. F. and Heinz, Ulrich W. and
                        Ruuskanen, P. V. and Voloshin, S. A.",
      title          = "{Radial and elliptic flow at RHIC: Further predictions}",
      journal        = "Phys. Lett.",
      volume         = "B503",
      year           = "2001",
      pages          = "58-64",
      doi            = "10.1016/S0370-2693(01)00219-2",
      eprint         = "hep-ph/0101136",
      archivePrefix  = "arXiv",
      primaryClass   = "hep-ph",
      SLACcitation   = "%%CITATION = HEP-PH/0101136;%%"
}

@article{Shen:2011eg,
      author         = "Shen, Chun and Heinz, Ulrich and Huovinen, Pasi and Song,
                        Huichao",
      title          = "{Radial and elliptic flow in Pb+Pb collisions at the
                        Large Hadron Collider from viscous hydrodynamic}",
      journal        = "Phys. Rev.",
      volume         = "C84",
      year           = "2011",
      pages          = "044903",
      doi            = "10.1103/PhysRevC.84.044903",
      eprint         = "1105.3226",
      archivePrefix  = "arXiv",
      primaryClass   = "nucl-th",
      SLACcitation   = "%%CITATION = ARXIV:1105.3226;%%"
}

@article{Voloshin:2002wa,
      author         = "Voloshin, S. A.",
      title          = "{Anisotropic flow}",
      booktitle      = "{Proceedings, 16th International Conference on
                        Ultra-Relativistic nucleus nucleus collisions (Quark
                        Matter 2012)}",
      journal        = "Nucl. Phys.",
      volume         = "A715",
      year           = "2003",
      pages          = "379-388",
      doi            = "10.1016/S0375-9474(02)01450-1",
      eprint         = "nucl-ex/0210014",
      archivePrefix  = "arXiv",
      primaryClass   = "nucl-ex",
      SLACcitation   = "%%CITATION = NUCL-EX/0210014;%%"
}

@article{Molnar:2003ff,
      author         = "Molnar, Denes and Voloshin, Sergei A.",
      title          = "{Elliptic flow at large transverse momenta from quark
                        coalescence}",
      journal        = "Phys. Rev. Lett.",
      volume         = "91",
      year           = "2003",
      pages          = "092301",
      doi            = "10.1103/PhysRevLett.91.092301",
      eprint         = "nucl-th/0302014",
      archivePrefix  = "arXiv",
      primaryClass   = "nucl-th",
      SLACcitation   = "%%CITATION = NUCL-TH/0302014;%%"
}

@article{Adare:2012vq,
      author         = "Adare, A. and others",
      title          = "{Deviation from quark-number scaling of the anisotropy
                        parameter $v_2$ of pions, kaons, and protons in Au+Au
                        collisions at $\sqrt{s_{\rm NN}} = 200$ GeV}",
      collaboration  = "PHENIX",
      journal        = "Phys. Rev.",
      volume         = "C85",
      year           = "2012",
      pages          = "064914",
      doi            = "10.1103/PhysRevC.85.064914",
      eprint         = "1203.2644",
      archivePrefix  = "arXiv",
      primaryClass   = "nucl-ex",
      SLACcitation   = "%%CITATION = ARXIV:1203.2644;%%"
}

@article{Adare:2014kci,
      author         = "Adare, A. and others",
      title          = "{Measurement of the higher-order anisotropic flow
                        coefficients for identified hadrons in Au$+$Au collisions
                        at $\sqrt{s_{_{\rm NN}}}$ = 200 GeV}",
      collaboration  = "PHENIX",
      year           = "2014",
      eprint         = "1412.1038",
      archivePrefix  = "arXiv",
      primaryClass   = "nucl-ex",
      SLACcitation   = "%%CITATION = ARXIV:1412.1038;%%"
}

@article{Aamodt:2008zz,
      author         = "Aamodt, K. and others",
      title          = "{The ALICE experiment at the CERN LHC}",
      collaboration  = "ALICE",
      journal        = "JINST",
      volume         = "3",
      year           = "2008",
      pages          = "S08002",
      doi            = "10.1088/1748-0221/3/08/S08002",
      SLACcitation   = "%%CITATION = JINST,3,S08002;%%"
}

@article{Abelev:2014ffa,
      author         = "Abelev, Betty Bezverkhny and others",
      title          = "{Performance of the ALICE Experiment at the CERN LHC}",
      collaboration  = "ALICE",
      journal        = "Int. J. Mod. Phys.",
      volume         = "A29",
      year           = "2014",
      pages          = "1430044",
      doi            = "10.1142/S0217751X14300440",
      eprint         = "1402.4476",
      archivePrefix  = "arXiv",
      primaryClass   = "nucl-ex",
      reportNumber   = "CERN-PH-EP-2014-031",
      SLACcitation   = "%%CITATION = ARXIV:1402.4476;%%"
}

@article{Abelev:2013qoq,
      author         = "Abelev, Betty and others",
      title          = "{Centrality determination of Pb--Pb collisions at
                        $\sqrt{s_{\rm NN}}$ = 2.76 TeV with ALICE}",
      collaboration  = "ALICE",
      journal        = "Phys. Rev.",
      volume         = "C88",
      year           = "2013",
      number         = "4",
      pages          = "044909",
      doi            = "10.1103/PhysRevC.88.044909",
      eprint         = "1301.4361",
      archivePrefix  = "arXiv",
      primaryClass   = "nucl-ex",
      reportNumber   = "CERN-PH-EP-2012-368",
      SLACcitation   = "%%CITATION = ARXIV:1301.4361;%%"
}

@article{Abelev:2013vea,
      author         = "Abelev, Betty and others",
      title          = "{Centrality dependence of $\pi$, K, p production in Pb--Pb
                        collisions at $\sqrt{s_{\rm NN}}$ = 2.76 TeV}",
      collaboration  = "ALICE",
      journal        = "Phys. Rev.",
      volume         = "C88",
      year           = "2013",
      pages          = "044910",
      doi            = "10.1103/PhysRevC.88.044910",
      eprint         = "1303.0737",
      archivePrefix  = "arXiv",
      primaryClass   = "hep-ex",
      reportNumber   = "CERN-PH-EP-2013-019",
      SLACcitation   = "%%CITATION = ARXIV:1303.0737;%%"
}


@article{Adler:2002pu,
      author         = "Adler, C. and others",
      title          = "{Elliptic flow from two and four particle correlations in
                        Au+Au collisions at $\sqrt{s_{\rm NN}} = $130~GeV}",
      collaboration  = "STAR",
      journal        = "Phys. Rev.",
      volume         = "C66",
      year           = "2002",
      pages          = "034904",
      doi            = "10.1103/PhysRevC.66.034904",
      eprint         = "nucl-ex/0206001",
      archivePrefix  = "arXiv",
      primaryClass   = "nucl-ex",
      SLACcitation   = "%%CITATION = NUCL-EX/0206001;%%"
}

@article{Voloshin:2008dg,
      author         = "Voloshin, Sergei A. and Poskanzer, Arthur M. and
                        Snellings, Raimond",
      title          = "{Collective phenomena in non-central nuclear collisions}",
      journal        = "Landolt-Bornstein",
      volume         = "23",
      year           = "2010",
      pages          = "293-333",
      doi            = "10.1007/978-3-642-01539-7_10",
      eprint         = "0809.2949",
      archivePrefix  = "arXiv",
      primaryClass   = "nucl-ex",
      SLACcitation   = "%%CITATION = ARXIV:0809.2949;%%"
}



@article{Abelev:2013sqa,
      author         = "Abelev, Betty and others",
      title          = "{Multiplicity dependence of two-particle azimuthal
                        correlations in pp collisions at the LHC}",
      collaboration  = "ALICE",
      journal        = "JHEP",
      volume         = "09",
      year           = "2013",
      pages          = "049",
      doi            = "10.1007/JHEP09(2013)049",
      eprint         = "1307.1249",
      archivePrefix  = "arXiv",
      primaryClass   = "nucl-ex",
      reportNumber   = "CERN-PH-EP-2013-107",
      SLACcitation   = "%%CITATION = ARXIV:1307.1249;%%"
}

@article{Song:2013qma,
      author         = "Song, Huichao and Bass, Steffen and Heinz, Ulrich W.",
      title          = "{Spectra and elliptic flow for identified hadrons in
                        2.76A TeV Pb + Pb collisions}",
      journal        = "Phys. Rev.",
      volume         = "C89",
      year           = "2014",
      number         = "3",
      pages          = "034919",
      doi            = "10.1103/PhysRevC.89.034919",
      eprint         = "1311.0157",
      archivePrefix  = "arXiv",
      primaryClass   = "nucl-th",
      SLACcitation   = "%%CITATION = ARXIV:1311.0157;%%"
}

@article{Xu:2016hmp,
      author         = "Xu, Hao-Jie and Li, Zhuopeng and Song, Huichao",
      title          = "{High order flow harmonics of identified hadrons in 2.76
                        A TeV Pb+Pb collisions}",
      year           = "2016",
      eprint         = "1602.02029",
      archivePrefix  = "arXiv",
      primaryClass   = "nucl-th",
      SLACcitation   = "%%CITATION = ARXIV:1602.02029;%%"
}

@article{Afanasiev:2007tv,
      author         = "Afanasiev, S. and others",
      title          = "{Elliptic flow for phi mesons and (anti)deuterons in Au +
                        Au collisions at $\sqrt{s_{\rm NN}} = $200~GeV}",
      collaboration  = "PHENIX",
      journal        = "Phys. Rev. Lett.",
      volume         = "99",
      year           = "2007",
      pages          = "052301",
      doi            = "10.1103/PhysRevLett.99.052301",
      eprint         = "nucl-ex/0703024",
      archivePrefix  = "arXiv",
      primaryClass   = "NUCL-EX",
      SLACcitation   = "%%CITATION = NUCL-EX/0703024;%%"
}

@article{Adam:2016acv,
      author         = "Adam, Jaroslav and others",
      title          = "{Particle identification in ALICE: a Bayesian approach}",
      collaboration  = "ALICE",
      year           = "2016",
      eprint         = "1602.01392",
      archivePrefix  = "arXiv",
      primaryClass   = "physics.data-an",
      reportNumber   = "CERN-EP-2016-023",
      SLACcitation   = "%%CITATION = ARXIV:1602.01392;%%"
}



@article{Aamodt:2010pb,
      author         = "Aamodt, K and others",
      title          = "{Charged-particle multiplicity density at mid-rapidity in
                        central Pb--Pb collisions at $\sqrt{s_{\rm NN}} = 2.76$ TeV}",
      collaboration  = "ALICE",
      journal        = "Phys. Rev. Lett.",
      volume         = "105",
      year           = "2010",
      pages          = "252301",
      doi            = "10.1103/PhysRevLett.105.252301",
      eprint         = "1011.3916",
      archivePrefix  = "arXiv",
      primaryClass   = "nucl-ex",
      SLACcitation   = "%%CITATION = ARXIV:1011.3916;%%"
}

@article{Alme:2010ke,
      author         = "Alme, J. and others",
      title          = "{The ALICE TPC, a large 3-dimensional tracking device
                        with fast readout for ultra-high multiplicity events}",
      journal        = "Nucl. Instrum. Meth.",
      volume         = "A622",
      year           = "2010",
      pages          = "316-367",
      doi            = "10.1016/j.nima.2010.04.042",
      eprint         = "1001.1950",
      archivePrefix  = "arXiv",
      primaryClass   = "physics.ins-det",
      SLACcitation   = "%%CITATION = ARXIV:1001.1950;%%"
}

@article{Abbas:2013taa,
      author         = "Abbas, E. and others",
      title          = "{Performance of the ALICE VZERO system}",
      collaboration  = "ALICE",
      journal        = "JINST",
      volume         = "8",
      year           = "2013",
      pages          = "P10016",
      doi            = "10.1088/1748-0221/8/10/P10016",
      eprint         = "1306.3130",
      archivePrefix  = "arXiv",
      primaryClass   = "nucl-ex",
      reportNumber   = "CERN-PH-EP-2013-082",
      SLACcitation   = "%%CITATION = ARXIV:1306.3130;%%"
}


@article{Adams:2004wz,
      author         = "Adams, J. and others",
      title          = "{Azimuthal anisotropy and correlations at large
                        transverse momenta in p+p and Au+Au collisions at
                        $\sqrt{s_{\rm NN}} = $200~GeV}",
      collaboration  = "STAR",
      journal        = "Phys. Rev. Lett.",
      volume         = "93",
      year           = "2004",
      pages          = "252301",
      doi            = "10.1103/PhysRevLett.93.252301",
      eprint         = "nucl-ex/0407007",
      archivePrefix  = "arXiv",
      primaryClass   = "nucl-ex",
      SLACcitation   = "%%CITATION = NUCL-EX/0407007;%%"
}


@article{Abelev:2014mda,
      author         = "Abelev, Betty Bezverkhny and others",
      title          = "{Multiparticle azimuthal correlations in pPb and Pb--Pb
                        collisions at the CERN Large Hadron Collider}",
      collaboration  = "ALICE",
      journal        = "Phys. Rev.",
      volume         = "C90",
      year           = "2014",
      number         = "5",
      pages          = "054901",
      doi            = "10.1103/PhysRevC.90.054901",
      eprint         = "1406.2474",
      archivePrefix  = "arXiv",
      primaryClass   = "nucl-ex",
      reportNumber   = "CERN-PH-EP-2014-105",
      SLACcitation   = "%%CITATION = ARXIV:1406.2474;%%"
}

@article{Zhang:1999bd,
      author         = "Zhang, Bin and Ko, C. M. and Li, Bao-An and Lin, Zi-Wei",
      title          = "{A multiphase transport model for nuclear collisions at
                        RHIC}",
      journal        = "Phys. Rev.",
      volume         = "C61",
      year           = "2000",
      pages          = "067901",
      doi            = "10.1103/PhysRevC.61.067901",
      eprint         = "nucl-th/9907017",
      archivePrefix  = "arXiv",
      primaryClass   = "nucl-th",
      SLACcitation   = "%%CITATION = NUCL-TH/9907017;%%"
}

@article{Lin:2000cx,
      author         = "Lin, Zi-Wei and Pal, S. and Ko, C. M. and Li, Bao-An and
                        Zhang, Bin",
      title          = "{Charged particle rapidity distributions at relativistic
                        energies}",
      journal        = "Phys. Rev.",
      volume         = "C64",
      year           = "2001",
      pages          = "011902",
      doi            = "10.1103/PhysRevC.64.011902",
      eprint         = "nucl-th/0011059",
      archivePrefix  = "arXiv",
      primaryClass   = "nucl-th",
      SLACcitation   = "%%CITATION = NUCL-TH/0011059;%%"
}

@article{Lin:2004en,
      author         = "Lin, Zi-Wei and Ko, Che Ming and Li, Bao-An and Zhang,
                        Bin and Pal, Subrata",
      title          = "{A Multi-phase transport model for relativistic heavy ion
                        collisions}",
      journal        = "Phys. Rev.",
      volume         = "C72",
      year           = "2005",
      pages          = "064901",
      doi            = "10.1103/PhysRevC.72.064901",
      eprint         = "nucl-th/0411110",
      archivePrefix  = "arXiv",
      primaryClass   = "nucl-th",
      SLACcitation   = "%%CITATION = NUCL-TH/0411110;%%"
}

@article{Zhang:1997ej,
      author         = "Zhang, Bin",
      title          = "{ZPC 1.0.1: A Parton cascade for ultrarelativistic heavy
                        ion collisions}",
      journal        = "Comput. Phys. Commun.",
      volume         = "109",
      year           = "1998",
      pages          = "193-206",
      doi            = "10.1016/S0010-4655(98)00010-1",
      eprint         = "nucl-th/9709009",
      archivePrefix  = "arXiv",
      primaryClass   = "nucl-th",
      reportNumber   = "CU-TP-853",
      SLACcitation   = "%%CITATION = NUCL-TH/9709009;%%"
}

@article{Andersson:1986gw,
      author         = "Andersson, Bo and Gustafson, G. and Nilsson-Almqvist, B.",
      title          = "{A Model for Low p(t) Hadronic Reactions, with
                        Generalizations to Hadron - Nucleus and Nucleus-Nucleus
                        Collisions}",
      journal        = "Nucl. Phys.",
      volume         = "B281",
      year           = "1987",
      pages          = "289",
      doi            = "10.1016/0550-3213(87)90257-4",
      reportNumber   = "LU-TP-86-3",
      SLACcitation   = "%%CITATION = NUPHA,B281,289;%%"
}

@article{NilssonAlmqvist:1986rx,
      author         = "Nilsson-Almqvist, Bo and Stenlund, Evert",
      title          = "{Interactions Between Hadrons and Nuclei: The Lund Monte
                        Carlo, Fritiof Version 1.6}",
      journal        = "Comput. Phys. Commun.",
      volume         = "43",
      year           = "1987",
      pages          = "387",
      doi            = "10.1016/0010-4655(87)90056-7",
      reportNumber   = "LU TP-86-14, LUIP-8604",
      SLACcitation   = "%%CITATION = CPHCB,43,387;%%"
}



@article{Billoir:1983mz,
      author         = "Billoir, Pierre",
      title          = "{Track Fitting With Multiple Scattering: A New Method}",
      journal        = "Nucl. Instrum. Meth.",
      volume         = "A225",
      year           = "1984",
      pages          = "352-366",
      doi            = "10.1016/0167-5087(84)90274-6",
      reportNumber   = "LPC-83-12",
      SLACcitation   = "%%CITATION = NUIMA,A225,352;%%"
}

@article{Billoir:1985nq,
      author         = "Billoir, Pierre and Fruhwirth, R. and Regler, M.",
      title          = "{Track Element Meeting Strategy and Vertex Fitting in Complex Modular Detectors}",
      journal        = "Nucl. Instrum. Meth.",
      volume         = "A241",
      year           = "1985",
      pages          = "115-131",
      doi            = "10.1016/0168-9002(85)90523-6",
      SLACcitation   = "%%CITATION = NUIMA,A241,115;%%"
}

@article{Danielewicz:1985hn,
      author         = "Danielewicz, P. and Odyniec, G.",
      title          = "{Transverse Momentum Analysis of Collective Motion in
                        Relativistic Nuclear Collisions}",
      journal        = "Phys. Lett.",
      volume         = "B157",
      year           = "1985",
      pages          = "146-150",
      doi            = "10.1016/0370-2693(85)91535-7",
      SLACcitation   = "%%CITATION = PHLTA,B157,146;%%"
}

@article{Voloshin:2007af,
      author         = "Voloshin, Sergei A.",
      title          = "{Energy and system size dependence of charged particle
                        elliptic flow and v(2) / eps scaling}",
      booktitle      = "{Proceedings, 19th International Conference on
                        Ultra-Relativistic nucleus-nucleus collisions (Quark
                        Matter 2006)}",
      collaboration  = "STAR",
      journal        = "J. Phys.",
      volume         = "G34",
      year           = "2007",
      pages          = "S883-886",
      doi            = "10.1088/0954-3899/34/8/S118",
      eprint         = "nucl-ex/0701038",
      archivePrefix  = "arXiv",
      primaryClass   = "nucl-ex",
      SLACcitation   = "%%CITATION = NUCL-EX/0701038;%%"
}

@article{Retiere:2003kf,
      author         = "Retiere, Fabrice and Lisa, Michael Annan",
      title          = "{Observable implications of geometrical and dynamical
                        aspects of freeze out in heavy ion collisions}",
      journal        = "Phys. Rev.",
      volume         = "C70",
      year           = "2004",
      pages          = "044907",
      doi            = "10.1103/PhysRevC.70.044907",
      eprint         = "nucl-th/0312024",
      archivePrefix  = "arXiv",
      primaryClass   = "nucl-th",
      SLACcitation   = "%%CITATION = NUCL-TH/0312024;%%"
}

@article{vanderKolk:2012oca,
      author         = "van der Kolk, Naomi",
      title          = "{To flow or not to flow: A study of elliptic flow and
                        nonflow in proton-proton collisions in ALICE}",
      school         = "Utrecht U.",
      year           = "2012",
      url            = "http://www.nikhef.nl/generalstorage/tt-news/evenementen/article/25-01-2012-phd-defense-naomi-van-der-kolk-uu/7/",
      SLACcitation   = "%%CITATION = INSPIRE-1089102;%%"
}

@article{Adam:2015eta,
      author         = "Adam, Jaroslav and others",
      title          = "{Event shape engineering for inclusive spectra and
                        elliptic flow in Pb--Pb collisions at
                        $\sqrt{s_{\rm NN}} = 2.76$ TeV}",
      collaboration  = "ALICE",
      journal        = "Phys. Rev.",
      volume         = "C93",
      year           = "2016",
      number         = "3",
      pages          = "034916",
      doi            = "10.1103/PhysRevC.93.034916",
      eprint         = "1507.06194",
      archivePrefix  = "arXiv",
      primaryClass   = "nucl-ex",
      reportNumber   = "CERN-PH-EP-2015-171",
      SLACcitation   = "%%CITATION = ARXIV:1507.06194;%%"
}

@article{Abelev:2012di,
      author         = "Abelev, Betty and others",
      title          = "{Anisotropic flow of charged hadrons, pions and
                        (anti-)protons measured at high transverse momentum in
                        Pb--Pb collisions at $\sqrt{s_{\rm NN}}$=2.76 TeV}",
      collaboration  = "ALICE",
      journal        = "Phys. Lett.",
      volume         = "B719",
      year           = "2013",
      pages          = "18-28",
      doi            = "10.1016/j.physletb.2012.12.066",
      eprint         = "1205.5761",
      archivePrefix  = "arXiv",
      primaryClass   = "nucl-ex",
      reportNumber   = "CERN-PH-EP-2012-142",
      SLACcitation   = "%%CITATION = ARXIV:1205.5761;%%"
}

@article{Bass:1998ca,
      author         = "Bass, S. A. and others",
      title          = "{Microscopic models for ultrarelativistic heavy ion
                        collisions}",
      journal        = "Prog. Part. Nucl. Phys.",
      volume         = "41",
      year           = "1998",
      pages          = "255-369",
      doi            = "10.1016/S0146-6410(98)00058-1",
      note           = "[Prog. Part. Nucl. Phys.41,225(1998)]",
      eprint         = "nucl-th/9803035",
      archivePrefix  = "arXiv",
      primaryClass   = "nucl-th",
      SLACcitation   = "%%CITATION = NUCL-TH/9803035;%%"
}

@article{Shen201661,
title = "The iEBE-VISHNU code package for relativistic heavy-ion collisions ",
journal = "Computer Physics Communications ",
volume = "199",
number = "",
pages = "61 - 85",
year = "2016",
note = "",
issn = "0010-4655",
doi = "http://dx.doi.org/10.1016/j.cpc.2015.08.039",
url = "http://www.sciencedirect.com/science/article/pii/S0010465515003392",
author = "Chun Shen and Zhi Qiu and Huichao Song and Jonah Bernhard and Steffen Bass and Ulrich Heinz",
keywords = "Relativistic heavy-ion collision",
keywords = "Relativistic viscous hydrodynamics",
keywords = "Quark-gluon plasma ",
abstract = ""
}

@inproceedings{Mohammadi:2016umt,
      author         = "Mohammadi, Naghmeh",
      title          = "{Higher harmonic anisotropic flow of identified particles
                        in Pb--Pb collisions with the ALICE detector}",
      collaboration  = "for the ALICE",
      url            = "https://inspirehep.net/record/1482671/files/arXiv:1608.05545.pdf",
      year           = "2016",
      eprint         = "1608.05545",
      archivePrefix  = "arXiv",
      primaryClass   = "nucl-ex",
      SLACcitation   = "%%CITATION = ARXIV:1608.05545;%%"
}

@article{Bilandzic:2013kga,
      author         = "Bilandzic, Ante and Christensen, Christian Holm and
                        Gulbrandsen, Kristjan and Hansen, Alexander and Zhou, You",
      title          = "{Generic framework for anisotropic flow analyses with
                        multiparticle azimuthal correlations}",
      journal        = "Phys. Rev.",
      volume         = "C89",
      year           = "2014",
      number         = "6",
      pages          = "064904",
      doi            = "10.1103/PhysRevC.89.064904",
      eprint         = "1312.3572",
      archivePrefix  = "arXiv",
      primaryClass   = "nucl-ex",
      SLACcitation   = "%%CITATION = ARXIV:1312.3572;%%"
}


@article{Adam:2016izf,
      author         = "Adam, Jaroslav and others",
      title          = "{Anisotropic flow of charged particles in Pb--Pb
                        collisions at $\sqrt{s_{\rm NN}}=5.02$ TeV}",
      collaboration  = "ALICE",
      journal        = "Phys. Rev. Lett.",
      volume         = "116",
      year           = "2016",
      number         = "13",
      pages          = "132302",
      doi            = "10.1103/PhysRevLett.116.132302",
      eprint         = "1602.01119",
      archivePrefix  = "arXiv",
      primaryClass   = "nucl-ex",
      reportNumber   = "CERN-EP-2016-018",
      SLACcitation   = "%%CITATION = ARXIV:1602.01119;%%"
}

@article{Alver:2010gr,
      author         = "Alver, B. and Roland, G.",
      title          = "{Collision geometry fluctuations and triangular flow in
                        heavy-ion collisions}",
      journal        = "Phys. Rev.",
      volume         = "C81",
      year           = "2010",
      pages          = "054905",
      doi            = "10.1103/PhysRevC.82.039903, 10.1103/PhysRevC.81.054905",
      note           = "[Erratum: Phys. Rev.C82,039903(2010)]",
      eprint         = "1003.0194",
      archivePrefix  = "arXiv",
      primaryClass   = "nucl-th",
      SLACcitation   = "%%CITATION = ARXIV:1003.0194;%%"
}


@article{Teaney:2013dta,
      author         = "Teaney, D. and Yan, L.",
      title          = "{Event-plane correlations and hydrodynamic simulations of
                        heavy ion collisions}",
      journal        = "Phys. Rev.",
      volume         = "C90",
      year           = "2014",
      number         = "2",
      pages          = "024902",
      doi            = "10.1103/PhysRevC.90.024902",
      eprint         = "1312.3689",
      archivePrefix  = "arXiv",
      primaryClass   = "nucl-th",
      SLACcitation   = "%%CITATION = ARXIV:1312.3689;%%"
}

@article{Qian:2017ier,
      author         = "Qian, Jing and Heinz, Ulrich and He, Ronghua and Huo,
                        Lei",
      title          = "{Differential flow correlations in relativistic heavy-ion
                        collisions}",
      journal        = "Phys. Rev.",
      volume         = "C95",
      year           = "2017",
      number         = "5",
      pages          = "054908",
      doi            = "10.1103/PhysRevC.95.054908",
      eprint         = "1703.04077",
      archivePrefix  = "arXiv",
      primaryClass   = "nucl-th",
      SLACcitation   = "%%CITATION = ARXIV:1703.04077;%%"
}

@article{Bhalerao:2014xra,
      author         = "Bhalerao, Rajeev S. and Ollitrault, Jean-Yves and Pal,
                        Subrata",
      title          = "{Characterizing flow fluctuations with moments}",
      journal        = "Phys. Lett.",
      volume         = "B742",
      year           = "2015",
      pages          = "94-98",
      doi            = "10.1016/j.physletb.2015.01.019",
      eprint         = "1411.5160",
      archivePrefix  = "arXiv",
      primaryClass   = "nucl-th",
      reportNumber   = "SACLAY-T14-233",
      SLACcitation   = "%%CITATION = ARXIV:1411.5160;%%"
}

@article{Yan:2015jma,
      author         = "Yan, Li and Ollitrault, Jean-Yves",
      title          = "{$\nu_4, \nu_5, \nu_6, \nu_7$: nonlinear hydrodynamic
                        response versus LHC data}",
      journal        = "Phys. Lett.",
      volume         = "B744",
      year           = "2015",
      pages          = "82-87",
      doi            = "10.1016/j.physletb.2015.03.040",
      eprint         = "1502.02502",
      archivePrefix  = "arXiv",
      primaryClass   = "nucl-th",
      reportNumber   = "SACLAY-T15-015",
      SLACcitation   = "%%CITATION = ARXIV:1502.02502;%%"
}


@article{Acharya:2017zfg,
      author         = "Acharya, Shreyasi and others",
      title          = "{Linear and non-linear flow modes in Pb--Pb collisions at
                        $\sqrt{s_{\rm NN}} =$ 2.76 TeV}",
      collaboration  = "ALICE",
      journal        = "Phys. Lett.",
      volume         = "B773",
      year           = "2017",
      pages          = "68-80",
      doi            = "10.1016/j.physletb.2017.07.060",
      eprint         = "1705.04377",
      archivePrefix  = "arXiv",
      primaryClass   = "nucl-ex",
      reportNumber   = "CERN-EP-2017-103",
      SLACcitation   = "%%CITATION = ARXIV:1705.04377;%%"
}

@article{Adam:2016nfo,
      author         = "Adam, Jaroslav and others",
      title          = "{Higher harmonic flow coefficients of identified hadrons
                        in Pb--Pb collisions at $\sqrt{s_{\rm NN}}$ = 2.76 TeV}",
      collaboration  = "ALICE",
      journal        = "JHEP",
      volume         = "09",
      year           = "2016",
      pages          = "164",
      doi            = "10.1007/JHEP09(2016)164",
      eprint         = "1606.06057",
      archivePrefix  = "arXiv",
      primaryClass   = "nucl-ex",
      reportNumber   = "CERN-EP-2016-159",
      SLACcitation   = "%%CITATION = ARXIV:1606.06057;%%"
}

@article{Acharya:2018zuq,
      author         = "Acharya, S. and others",
      title          = "{Anisotropic flow of identified particles in Pb--Pb
                        collisions at $ {\sqrt{s}}_{\rm NN}=5.02 $ TeV}",
      collaboration  = "ALICE",
      journal        = "JHEP",
      volume         = "09",
      year           = "2018",
      pages          = "006",
      doi            = "10.1007/JHEP09(2018)006",
      eprint         = "1805.04390",
      archivePrefix  = "arXiv",
      primaryClass   = "nucl-ex",
      reportNumber   = "CERN-EP-2018-103",
      SLACcitation   = "%%CITATION = ARXIV:1805.04390;%%"
}


@article{Zhao:2017yhj,
      author         = "Zhao, Wenbin and Xu, Hao-jie and Song, Huichao",
      title          = "{Collective flow in 2.76 A TeV and 5.02 A TeV Pb+Pb
                        collisions}",
      journal        = "Eur. Phys. J.",
      volume         = "C77",
      year           = "2017",
      number         = "9",
      pages          = "645",
      doi            = "10.1140/epjc/s10052-017-5186-x",
      eprint         = "1703.10792",
      archivePrefix  = "arXiv",
      primaryClass   = "nucl-th",
      SLACcitation   = "%%CITATION = ARXIV:1703.10792;%%"
}

@article{McDonald:2016vlt,
      author         = "McDonald, Scott and Shen, Chun and Fillion-Gourdeau,
                        Francois and Jeon, Sangyong and Gale, Charles",
      title          = "{Hydrodynamic predictions for Pb+Pb collisions at 5.02
                        TeV}",
      journal        = "Phys. Rev.",
      volume         = "C95",
      year           = "2017",
      number         = "6",
      pages          = "064913",
      doi            = "10.1103/PhysRevC.95.064913",
      eprint         = "1609.02958",
      archivePrefix  = "arXiv",
      primaryClass   = "hep-ph",
      SLACcitation   = "%%CITATION = ARXIV:1609.02958;%%"
}

@article{Moreland:2014oya,
      author         = "Moreland, J. Scott and Bernhard, Jonah E. and Bass,
                        Steffen A.",
      title          = "{Alternative ansatz to wounded nucleon and binary
                        collision scaling in high-energy nuclear collisions}",
      journal        = "Phys. Rev.",
      volume         = "C92",
      year           = "2015",
      number         = "1",
      pages          = "011901",
      doi            = "10.1103/PhysRevC.92.011901",
      eprint         = "1412.4708",
      archivePrefix  = "arXiv",
      primaryClass   = "nucl-th",
      SLACcitation   = "%%CITATION = ARXIV:1412.4708;%%"
}


@article{Shen:2014vra,
      author         = "Shen, Chun and Qiu, Zhi and Song, Huichao and Bernhard,
                        Jonah and Bass, Steffen and Heinz, Ulrich",
      title          = "{The iEBE-VISHNU code package for relativistic heavy-ion
                        collisions}",
      journal        = "Comput. Phys. Commun.",
      volume         = "199",
      year           = "2016",
      pages          = "61-85",
      doi            = "10.1016/j.cpc.2015.08.039",
      eprint         = "1409.8164",
      archivePrefix  = "arXiv",
      primaryClass   = "nucl-th",
      SLACcitation   = "%%CITATION = ARXIV:1409.8164;%%"
}

@article{Song:2010aq,
      author         = "Song, Huichao and Bass, Steffen A. and Heinz, Ulrich",
      title          = "{Viscous QCD matter in a hybrid hydrodynamic+Boltzmann
                        approach}",
      journal        = "Phys. Rev.",
      volume         = "C83",
      year           = "2011",
      pages          = "024912",
      doi            = "10.1103/PhysRevC.83.024912",
      eprint         = "1012.0555",
      archivePrefix  = "arXiv",
      primaryClass   = "nucl-th",
      SLACcitation   = "%%CITATION = ARXIV:1012.0555;%%"
}

@article{Song:2007fn,
      author         = "Song, Huichao and Heinz, Ulrich W.",
      title          = "{Suppression of elliptic flow in a minimally viscous
                        quark-gluon plasma}",
      journal        = "Phys. Lett.",
      volume         = "B658",
      year           = "2008",
      pages          = "279-283",
      doi            = "10.1016/j.physletb.2007.11.019",
      eprint         = "0709.0742",
      archivePrefix  = "arXiv",
      primaryClass   = "nucl-th",
      reportNumber   = "CERN-PH-TH-2007-154",
      SLACcitation   = "%%CITATION = ARXIV:0709.0742;%%"
}

@article{Olive_2016,
	doi = {10.1088/1674-1137/40/10/100001},
	year = 2016,
	month = {oct},
	publisher = {{IOP} Publishing},
	volume = {40},
	number = {10},
	pages = {100001},
	author = {K.A. Olive},
	title = {Review of Particle Physics},
	journal = {Chinese Physics C}
}

@article{PhysRevD.98.030001,
  author= {},
  title = {Review of Particle Physics},
  collaboration = {Particle Data Group},
  journal = {Phys. Rev. D},
  volume = {98},
  issue = {3},
  pages = {030001},
  numpages = {1898},
  year = {2018},
  month = {Aug},
  publisher = {American Physical Society},
  doi = {10.1103/PhysRevD.98.030001},
  url = {https://link.aps.org/doi/10.1103/PhysRevD.98.030001}
}

@article{doi:10.1080/14786440108520416,
author = { J.   Podolanski  and  R.   Armenteros },
title = {iii. Analysis of V-events},
journal = {The London, Edinburgh, and Dublin Philosophical Magazine and Journal of Science},
volume = {45},
number = {360},
pages = {13-30},
year  = {1954},
publisher = {Taylor & Francis},
doi = {10.1080/14786440108520416},
}

@article{Bernhard:2016tnd,
      author         = "Bernhard, Jonah E. and Moreland, J. Scott and Bass,
                        Steffen A. and Liu, Jia and Heinz, Ulrich",
      title          = "{Applying Bayesian parameter estimation to relativistic
                        heavy-ion collisions: simultaneous characterization of the
                        initial state and quark-gluon plasma medium}",
      journal        = "Phys. Rev.",
      volume         = "C94",
      year           = "2016",
      number         = "2",
      pages          = "024907",
      doi            = "10.1103/PhysRevC.94.024907",
      eprint         = "1605.03954",
      archivePrefix  = "arXiv",
      primaryClass   = "nucl-th",
      SLACcitation   = "%%CITATION = ARXIV:1605.03954;%%"
}

@inproceedings{Barlow:2002yb,
      author         = "Barlow, Roger",
      title          = "{Systematic errors: Facts and fictions}",
      booktitle      = "{Advanced Statistical Techniques in Particle Physics.
                        Proceedings, Conference, Durham, UK, March 18-22, 2002}",
      url            = "http://www.ippp.dur.ac.uk/Workshops/02/statistics/proceedings//barlow.pdf",
      year           = "2002",
      pages          = "134-144",
      eprint         = "hep-ex/0207026",
      archivePrefix  = "arXiv",
      primaryClass   = "hep-ex",
      reportNumber   = "MAN-HEP-02-01",
      SLACcitation   = "%%CITATION = HEP-EX/0207026;%%"
}

@article{Acharya:2018lmh,
      author         = "Acharya, S. and others",
      title          = "{Energy dependence and fluctuations of anisotropic flow
                        in Pb--Pb collisions at $ \sqrt{s_{\rm NN}}=5.02 $ and
                        2.76 TeV}",
      collaboration  = "ALICE",
      journal        = "JHEP",
      volume         = "07",
      year           = "2018",
      pages          = "103",
      doi            = "10.1007/JHEP07(2018)103",
      eprint         = "1804.02944",
      archivePrefix  = "arXiv",
      primaryClass   = "nucl-ex",
      reportNumber   = "CERN-EP-2018-057",
      SLACcitation   = "%%CITATION = ARXIV:1804.02944;%%"
}

@article{PhysRevC.72.051901,
  title = {Centrality and pseudorapidity dependence of elliptic flow for charged hadrons in Au+Au collisions at $\sqrt{{s}_{\rm NN}}=200$ GeV},
  collaboration = {PHOBOS Collaboration},
  journal = {Phys. Rev. C},
  volume = {72},
  issue = {5},
  pages = {051901},
  numpages = {5},
  year = {2005},
  month = {Nov},
  publisher = {American Physical Society},
  doi = {10.1103/PhysRevC.72.051901},
  url = {https://link.aps.org/doi/10.1103/PhysRevC.72.051901}
}


@inproceedings{Voloshin:2006gz,
      author         = "Voloshin, Sergei A.",
      title          = "{Toward the energy and the system size dependece of
                        elliptic flow: Working on flow fluctuations}",
      booktitle      = "{22nd Winter Workshop on Nuclear Dynamics (WWND 2006) La
                        Jolla, California, March 11-19, 2006}",
      year           = "2006",
      eprint         = "nucl-th/0606022",
      archivePrefix  = "arXiv",
      primaryClass   = "nucl-th",
      SLACcitation   = "%%CITATION = NUCL-TH/0606022;%%"
}

@article{Alver:2007qw,
      author         = "Alver, B. and others",
      title          = "{Event-by-Event Fluctuations of Azimuthal Particle
                        Anisotropy in Au + Au Collisions at $\sqrt{s_{\rm NN}}= 200$
                        GeV}",
      collaboration  = "PHOBOS",
      journal        = "Phys. Rev. Lett.",
      volume         = "104",
      year           = "2010",
      pages          = "142301",
      doi            = "10.1103/PhysRevLett.104.142301",
      eprint         = "nucl-ex/0702036",
      archivePrefix  = "arXiv",
      primaryClass   = "nucl-ex",
      SLACcitation   = "%%CITATION = NUCL-EX/0702036;%%"
}

@article{Adcox:2002ms,
      author         = "Adcox, K. and others",
      title          = "{Flow measurements via two particle azimuthal
                        correlations in Au+Au collisions at $\sqrt{s_{\rm NN}} = 130$ GeV}",
      collaboration  = "PHENIX",
      journal        = "Phys. Rev. Lett.",
      volume         = "89",
      year           = "2002",
      pages          = "212301",
      doi            = "10.1103/PhysRevLett.89.212301",
      eprint         = "nucl-ex/0204005",
      archivePrefix  = "arXiv",
      primaryClass   = "nucl-ex",
      SLACcitation   = "%%CITATION = NUCL-EX/0204005;%%"
}

@article{Adamczyk:2013gw,
      author         = "Adamczyk, L. and others",
      title          = "{Elliptic flow of identified hadrons in Au+Au collisions
                        at $\sqrt{s_{\rm NN}}=$ 7.7-62.4 GeV}",
      collaboration  = "STAR",
      journal        = "Phys. Rev.",
      volume         = "C88",
      year           = "2013",
      pages          = "014902",
      doi            = "10.1103/PhysRevC.88.014902",
      eprint         = "1301.2348",
      archivePrefix  = "arXiv",
      primaryClass   = "nucl-ex",
      SLACcitation   = "%%CITATION = ARXIV:1301.2348;%%"
}

@article{Adler:2004cj,
      author         = "Adler, S. S. and others",
      title          = "{Saturation of azimuthal anisotropy in Au + Au collisions
                        at $\sqrt{s_{\rm NN}} =$ 62 GeV to 200 GeV}",
      collaboration  = "PHENIX",
      journal        = "Phys. Rev. Lett.",
      volume         = "94",
      year           = "2005",
      pages          = "232302",
      doi            = "10.1103/PhysRevLett.94.232302",
      eprint         = "nucl-ex/0411040",
      archivePrefix  = "arXiv",
      primaryClass   = "nucl-ex",
      SLACcitation   = "%%CITATION = NUCL-EX/0411040;%%"
}

@article{Afanasiev:2009wq,
      author         = "Afanasiev, S. and others",
      title          = "{Systematic Studies of Elliptic Flow Measurements in
                        Au+Au Collisions at $\sqrt{s_{\rm NN}} =$ 200 GeV}",
      collaboration  = "PHENIX",
      journal        = "Phys. Rev.",
      volume         = "C80",
      year           = "2009",
      pages          = "024909",
      doi            = "10.1103/PhysRevC.80.024909",
      eprint         = "0905.1070",
      archivePrefix  = "arXiv",
      primaryClass   = "nucl-ex",
      SLACcitation   = "%%CITATION = ARXIV:0905.1070;%%"
}

@article{Adare:2011tg,
      author         = "Adare, A. and others",
      title          = "{Measurements of Higher-Order Flow Harmonics in Au+Au
                        Collisions at $\sqrt{s_{\rm NN}} = 200$ GeV}",
      collaboration  = "PHENIX",
      journal        = "Phys. Rev. Lett.",
      volume         = "107",
      year           = "2011",
      pages          = "252301",
      doi            = "10.1103/PhysRevLett.107.252301",
      eprint         = "1105.3928",
      archivePrefix  = "arXiv",
      primaryClass   = "nucl-ex",
      SLACcitation   = "%%CITATION = ARXIV:1105.3928;%%"
}

@article{Ackermann:2000tr,
      author         = "Ackermann, K. H. and others",
      title          = "{Elliptic flow in Au + Au collisions at  $\sqrt{s_{\rm NN}} = $
                        130 GeV}",
      collaboration  = "STAR",
      journal        = "Phys. Rev. Lett.",
      volume         = "86",
      year           = "2001",
      pages          = "402-407",
      doi            = "10.1103/PhysRevLett.86.402",
      eprint         = "nucl-ex/0009011",
      archivePrefix  = "arXiv",
      primaryClass   = "nucl-ex",
      SLACcitation   = "%%CITATION = NUCL-EX/0009011;%%"
}

@article{Adler:2001nb,
      author         = "Adler, C. and others",
      title          = "{Identified particle elliptic flow in Au + Au collisions
                        at $\sqrt{s_{\rm NN}} = $ 130 GeV}",
      collaboration  = "STAR",
      journal        = "Phys. Rev. Lett.",
      volume         = "87",
      year           = "2001",
      pages          = "182301",
      doi            = "10.1103/PhysRevLett.87.182301",
      eprint         = "nucl-ex/0107003",
      archivePrefix  = "arXiv",
      primaryClass   = "nucl-ex",
      SLACcitation   = "%%CITATION = NUCL-EX/0107003;%%"
}

@article{Adler:2002ct,
      author         = "Adler, C. and others",
      title          = "{Azimuthal anisotropy and correlations in the hard
                        scattering regime at RHIC}",
      collaboration  = "STAR",
      journal        = "Phys. Rev. Lett.",
      volume         = "90",
      year           = "2003",
      pages          = "032301",
      doi            = "10.1103/PhysRevLett.90.032301",
      eprint         = "nucl-ex/0206006",
      archivePrefix  = "arXiv",
      primaryClass   = "nucl-ex",
      reportNumber   = "LBNL-50518",
      SLACcitation   = "%%CITATION = NUCL-EX/0206006;%%"
}

@article{Adams:2003zg,
      author         = "Adams, J. and others",
      title          = "{Azimuthal anisotropy at RHIC: The First and fourth
                        harmonics}",
      collaboration  = "STAR",
      journal        = "Phys. Rev. Lett.",
      volume         = "92",
      year           = "2004",
      pages          = "062301",
      doi            = "10.1103/PhysRevLett.92.062301",
      eprint         = "nucl-ex/0310029",
      archivePrefix  = "arXiv",
      primaryClass   = "nucl-ex",
      SLACcitation   = "%%CITATION = NUCL-EX/0310029;%%"
}

@article{Adams:2004bi,
      author         = "Adams, J. and others",
      title          = "{Azimuthal anisotropy in Au+Au collisions at $\sqrt{s_{\rm NN}} = $
                         200 GeV}",
      collaboration  = "STAR",
      journal        = "Phys. Rev.",
      volume         = "C72",
      year           = "2005",
      pages          = "014904",
      doi            = "10.1103/PhysRevC.72.014904",
      eprint         = "nucl-ex/0409033",
      archivePrefix  = "arXiv",
      primaryClass   = "nucl-ex",
      SLACcitation   = "%%CITATION = NUCL-EX/0409033;%%"
}

@article{Chatrchyan:2012xq,
      author         = "Chatrchyan, Serguei and others",
      title          = "{Azimuthal anisotropy of charged particles at high
                        transverse momenta in Pb--Pb collisions at
                        $\sqrt{s_{\rm NN}}=2.76$ TeV}",
      collaboration  = "CMS",
      journal        = "Phys. Rev. Lett.",
      volume         = "109",
      year           = "2012",
      pages          = "022301",
      doi            = "10.1103/PhysRevLett.109.022301",
      eprint         = "1204.1850",
      archivePrefix  = "arXiv",
      primaryClass   = "nucl-ex",
      reportNumber   = "CMS-HIN-11-012, CERN-PH-EP-2012-096",
      SLACcitation   = "%%CITATION = ARXIV:1204.1850;%%"
}


@article{Chatrchyan:2012ta,
      author         = "Chatrchyan, Serguei and others",
      title          = "{Measurement of the elliptic anisotropy of charged
                        particles produced in Pb--Pb collisions at
                        $\sqrt{s_{\rm NN}}$=2.76 TeV}",
      collaboration  = "CMS",
      journal        = "Phys. Rev.",
      volume         = "C87",
      year           = "2013",
      number         = "1",
      pages          = "014902",
      doi            = "10.1103/PhysRevC.87.014902",
      eprint         = "1204.1409",
      archivePrefix  = "arXiv",
      primaryClass   = "nucl-ex",
      reportNumber   = "CMS-HIN-10-002, CERN-PH-EP-2012-095",
      SLACcitation   = "%%CITATION = ARXIV:1204.1409;%%"
}


@article{ATLAS:2011ah,
      author         = "Aad, Georges and others",
      title          = "{Measurement of the pseudorapidity and transverse
                        momentum dependence of the elliptic flow of charged
                        particles in lead-lead collisions at $\sqrt{s_{\rm NN}}=2.76$
                        TeV with the ATLAS detector}",
      collaboration  = "ATLAS",
      journal        = "Phys. Lett.",
      volume         = "B707",
      year           = "2012",
      pages          = "330-348",
      doi            = "10.1016/j.physletb.2011.12.056",
      eprint         = "1108.6018",
      archivePrefix  = "arXiv",
      primaryClass   = "hep-ex",
      reportNumber   = "CERN-PH-EP-2011-124",
      SLACcitation   = "%%CITATION = ARXIV:1108.6018;%%"
}

@article{Aamodt:2010pa,
      author         = "Aamodt, K and others",
      title          = "{Elliptic flow of charged particles in Pb--Pb collisions
                        at 2.76 TeV}",
      collaboration  = "ALICE",
      journal        = "Phys. Rev. Lett.",
      volume         = "105",
      year           = "2010",
      pages          = "252302",
      doi            = "10.1103/PhysRevLett.105.252302",
      eprint         = "1011.3914",
      archivePrefix  = "arXiv",
      primaryClass   = "nucl-ex",
      reportNumber   = "CERN-PH-EP-2010-059",
      SLACcitation   = "%%CITATION = ARXIV:1011.3914;%%"
}

@article{Niemi:2015voa,
      author         = "Niemi, H. and Eskola, K. J. and Paatelainen, R. and
                        Tuominen, K.",
      title          = "{Predictions for 5.023 TeV Pb + Pb collisions at the
                        CERN Large Hadron Collider}",
      journal        = "Phys. Rev.",
      volume         = "C93",
      year           = "2016",
      number         = "1",
      pages          = "014912",
      doi            = "10.1103/PhysRevC.93.014912",
      eprint         = "1511.04296",
      archivePrefix  = "arXiv",
      primaryClass   = "hep-ph",
      SLACcitation   = "%%CITATION = ARXIV:1511.04296;%%"
}

@article{Zhu:2016puf,
      author         = "Zhu, Xiangrong and Zhou, You and Xu, Haojie and Song,
                        Huichao",
      title          = "{Correlations of flow harmonics in 2.76A TeV Pb--Pb
                        collisions}",
      journal        = "Phys. Rev.",
      volume         = "C95",
      year           = "2017",
      number         = "4",
      pages          = "044902",
      doi            = "10.1103/PhysRevC.95.044902",
      eprint         = "1608.05305",
      archivePrefix  = "arXiv",
      primaryClass   = "nucl-th",
      SLACcitation   = "%%CITATION = ARXIV:1608.05305;%%"
}

@article{Acharya:2018ihu,
      author         = "Acharya, S. and others",
      title          = "{Anisotropic flow in Xe-Xe collisions at
                        $\mathbf{\sqrt{s_{\rm NN}} = 5.44}$ TeV}",
      collaboration  = "ALICE",
      journal        = "Phys. Lett.",
      volume         = "B784",
      year           = "2018",
      pages          = "82-95",
      doi            = "10.1016/j.physletb.2018.06.059",
      eprint         = "1805.01832",
      archivePrefix  = "arXiv",
      primaryClass   = "nucl-ex",
      reportNumber   = "CERN-EP-2018-090",
      SLACcitation   = "%%CITATION = ARXIV:1805.01832;%%"
}

@article{Acharya:2017gsw,
      author         = "Acharya, Shreyasi and others",
      title          = "{Systematic studies of correlations between different
                        order flow harmonics in Pb--Pb collisions at $\sqrt{s_{\rm
                        NN}}$ = 2.76 TeV}",
      collaboration  = "ALICE",
      journal        = "Phys. Rev.",
      volume         = "C97",
      year           = "2018",
      number         = "2",
      pages          = "024906",
      doi            = "10.1103/PhysRevC.97.024906",
      eprint         = "1709.01127",
      archivePrefix  = "arXiv",
      primaryClass   = "nucl-ex",
      reportNumber   = "CERN-EP-2017-215",
      SLACcitation   = "%%CITATION = ARXIV:1709.01127;%%"
}

@article{Miller:2003kd,
      author         = "Miller, Mike and Snellings, Raimond",
      title          = "{Eccentricity fluctuations and its possible effect on
                        elliptic flow measurements}",
      year           = "2003",
      eprint         = "nucl-ex/0312008",
      archivePrefix  = "arXiv",
      primaryClass   = "nucl-ex",
      SLACcitation   = "%%CITATION = NUCL-EX/0312008;%%"
}


@thesis{Pacik:2711398,
      author        = "Pacik, Vojtech",
      title         = "{Investigation of azimuthal anisotropy using
                       multi-particle correlations of identified hadrons at the
                       LHC with ALICE detector}",
      month         = "Jan",
      year          = "2020",
      reportNumber  = "CERN-THESIS-2020-007",
      url           = "https://cds.cern.ch/record/2711398",
      note          = "Presented 12 Feb 2020",
}